<?xml version="1.0" encoding="UTF-8"?><collection xmlns="http://www.loc.gov/MARC21/slim"><record><leader>00459nam--2200133-i-4500</leader><controlfield tag="001">000003218</controlfield><controlfield tag="002">20161230</controlfield><controlfield tag="005">20161230201025</controlfield><controlfield tag="008">060222s1000------------r-----000-0-eng-d</controlfield><datafield ind1=" " ind2=" " tag="100"><subfield code="a">Brown, Charles Harvey</subfield></datafield><datafield ind1=" " ind2=" " tag="245"><subfield code="a">Scientific serials. characteristics and lists of most cited publications in mathematics, phy sics, chemistry ... with a section by roger v. krumm</subfield></datafield><datafield ind1=" " ind2=" " tag="260"><subfield code="a">Chicago, America Library Association, 1956</subfield></datafield><datafield ind1=" " ind2=" " tag="490"><subfield code="a">Acrd Monograph</subfield></datafield><datafield ind1=" " ind2=" " tag="852"><subfield code="a">002</subfield></datafield></record></collection>